<record><leader>00000cas a2200000 a 4500</leader><controlfield tag="001">76815294</controlfield><controlfield tag="008">061128d19051913oruwr ne      0    0eng c</controlfield><datafield ind1=" " ind2=" " tag="010"><subfield code="a">  2006260033</subfield></datafield><datafield ind1=" " ind2=" " tag="040"><subfield code="a">ORU</subfield><subfield code="b">eng</subfield><subfield code="c">ORU</subfield><subfield code="d">ORU</subfield><subfield code="d">OCLCQ</subfield><subfield code="d">OCLCF</subfield><subfield code="d">OCLCO</subfield></datafield><datafield ind1="1" ind2=" " tag="029"><subfield code="a">AU@</subfield><subfield code="b">000041113437</subfield></datafield><datafield ind1=" " ind2=" " tag="042"><subfield code="a">pcc</subfield></datafield><datafield ind1=" " ind2=" " tag="043"><subfield code="a">n-us-or</subfield></datafield><datafield ind1="0" ind2="0" tag="245"><subfield code="a">La Grande weekly observer.</subfield></datafield><datafield ind1=" " ind2=" " tag="260"><subfield code="a">La Grande, Union County, Or. :</subfield><subfield code="b">Currey Bros.,</subfield><subfield code="c">1905-</subfield></datafield><datafield ind1=" " ind2=" " tag="300"><subfield code="a">v. :</subfield><subfield code="b">ill.</subfield></datafield><datafield ind1=" " ind2=" " tag="310"><subfield code="a">Weekly</subfield></datafield><datafield ind1="0" ind2=" " tag="362"><subfield code="a">Vol. 10, no. 11 (Nov. 10, 1905)-</subfield></datafield><datafield ind1="1" ind2=" " tag="362"><subfield code="a">Ceased in 1913.</subfield></datafield><datafield ind1=" " ind2=" " tag="530"><subfield code="a">Also issued on microfilm from University of Oregon.</subfield></datafield><datafield ind1=" " ind2=" " tag="580"><subfield code="a">Merged with: La Grande weekly star, to form: La Grande weekly observer and La Grande star.</subfield></datafield><datafield ind1=" " ind2=" " tag="580"><subfield code="a">Daily ed.: La Grande evening observer.</subfield></datafield><datafield ind1=" " ind2=" " tag="588"><subfield code="a">Latest issue consulted: Vol. 16, no. 16 (Jan. 26, 1912).</subfield></datafield><datafield ind1=" " ind2="0" tag="651"><subfield code="a">La Grande (Or.)</subfield><subfield code="v">Newspapers.</subfield></datafield><datafield ind1=" " ind2="0" tag="651"><subfield code="a">Union County (Or.)</subfield><subfield code="v">Newspapers.</subfield></datafield><datafield ind1=" " ind2="7" tag="655"><subfield code="a">Newspapers.</subfield><subfield code="2">fast</subfield><subfield code="0">(OCoLC)fst01423814</subfield></datafield><datafield ind1=" " ind2="7" tag="651"><subfield code="a">Oregon</subfield><subfield code="z">La Grande.</subfield><subfield code="2">fast</subfield><subfield code="0">(OCoLC)fst01214202</subfield></datafield><datafield ind1=" " ind2="7" tag="651"><subfield code="a">Oregon</subfield><subfield code="z">Union County.</subfield><subfield code="2">fast</subfield><subfield code="0">(OCoLC)fst01223302</subfield></datafield><datafield ind1=" " ind2=" " tag="752"><subfield code="a">United States</subfield><subfield code="b">Oregon</subfield><subfield code="c">Union</subfield><subfield code="d">La Grande.</subfield></datafield><datafield ind1="1" ind2=" " tag="775"><subfield code="t">Grande evening observer</subfield><subfield code="w">(DLC)  2006260039</subfield><subfield code="w">(OCoLC)76815594</subfield></datafield><datafield ind1="0" ind2="0" tag="780"><subfield code="t">Eastern Oregon observer (La Grande, Or.)</subfield><subfield code="w">(DLC)  2006260032</subfield><subfield code="w">(OCoLC)76815249</subfield></datafield><datafield ind1="1" ind2="7" tag="785"><subfield code="t">Grande weekly star</subfield><subfield code="w">(DLC)  2006260034</subfield><subfield code="w">(OCoLC)76815402</subfield></datafield><datafield ind1="1" ind2="7" tag="785"><subfield code="t">Grande weekly observer and La Grande star</subfield><subfield code="w">(DLC)  2006260035</subfield><subfield code="w">(OCoLC)76815385</subfield></datafield></record>